@misc{average-albertan-consumption,
	title="Average Albertan Consumption Rate",
	year="2018",
	month="",
	note="Online; accessed June 25 2018",
	howpublished="\url{https://callmepower.ca/en/ab/electricity/average-albertan-consumption#average}"
}

@misc{fracking-kurzgesagt,
	author="kurzgesagt",
	title="Fracking Explained: Opporunity or Danger",
	year="2013",
	month="September 3",
	note="Online; accessed June 25 2018",
	howpublished="\url{https://www.youtube.com/watch?v=Uti2niW2BRA}"
}

@misc{canada-sunniest,
	title="The sunniest cities in Canada",
	year="2018",
	month="",
	note="Online; accessed June 25 2018",
	howpublished="\url{https://www.worldatlas.com/articles/the-sunniest-cities-in-canada.html	"The sunniest cities in Canada"}"
}

@misc{edmonton-wiki,
	title="Edmonton, Alberta",
	year="2018",
	month="",
	note="Online; accessed June 25 2018",
	howpublished="\url{https://en.wikipedia.org/wiki/Edmonton}"
}

@misc{solar-power-wiki,
	title="Concentrated Solar Power",
	year="2018",
	month="",
	note="Online; accessed June 25 2018",
	howpublished="\url{https://en.wikipedia.org/wiki/Edmonton}"
}

@misc{tesla-farm,
	title="Tesla's giant battery farm is now live in South Australia",
	year="2017",
	month="December 1",
	note="Online; accessed June 25 2018",
	howpublished="\url{https://www.engadget.com/2017/12/01/tesla-live-world-largest-battery-south-australia/}"
}

@misc{tesla-battery-farm,
	title="Tesla's giant battery farm is now live in South Australia",
	year="2018",
	month="",
	note="Online; accessed June 25 2018",
	howpublished="\url{https://www.tesla.com/en_CA/powerwall}"
}

@misc{solar-panel-types,
	title="Types of solar panels",
	year="2015",
	month="September",
	note="Online; accessed July 21 2018",
	howpublished="\url{https://www.greenmatch.co.uk/blog/2015/09/types-of-solar-panels}"
}

@misc{residential-energy-use,
	title="{Residential Electricity and Natural Gas}",
	year="2017",
	month="",
	note="Online; accessed July 21 2018",
	howpublished="\url{http://energyrates.ca/residential-electricity-natural-gas/}"
}

@misc{gc-solar-water-heater,
	title="{Solar Water Heaters - Natural Resources Canada}",
	year="2018",
	month="",
	note="Online; accessed July 21 2018",
	howpublished="\url{https://www.nrcan.gc.ca/energy/products/categories/water-heaters/14562}"
}

@misc{pv-solar-cooling,
	title="{4 Different Methods for Cooling Solar PV Panels}",
	year="2017",
	month="Febuary 13",
	note="Online; accessed July 21 2018",
	howpublished="\url{https://www.youtube.com/watch?v=lT6GJxcG-RM}"
}

@misc{tesla-powerwall,
	title="{Powerwall | The Tesla Home Battery}",
	year="2018",
	month="",
	note="Online; accessed July 21 2018",
	howpublished="\url{https://www.tesla.com/en_CA/powerwall}"
}

@misc{tesla-powerwall-wiki,
	title="{Tesla Powerwall}",
	year="2018",
	month="",
	note="Online; accessed July 21 2018",
	howpublished="\url{https://en.wikipedia.org/wiki/Tesla_Powerwall}"
}

@misc{hd-solar1,
	title="{Grape Solar 300-Watt Off-Grid Solar Panel Kid - Home Depot}",
	year="2018",
	month="",
	note="Online; accessed July 21 2018",
	howpublished="\url{https://www.homedepot.ca/en/home/p.300-watt-off-grid-solar-panel-kit.1000777305.html?eid=PS_GOOGLE_HD+%7C+E-Comm_E-Comm+%7C+Shopping+%7C+Building+Materials_Building+Materials_pla-366038273168&gclid=EAIaIQobChMI7-3OioCy3AIVhcJkCh13jAktEAQYAyABEgLc1PD_BwE&gclsrc=aw.ds&dclid=CM2Ilo6AstwCFRyzTwod_DwMfg}"
}

@misc{raysolar-solar1,
	title="{Canadian Solar - 325W, 72 cell, poly-crystalline solar module}",
	year="2018",
	month="",
	note="Online; accessed July 21 2018",
	howpublished="\url{https://www.raysolar.ca/shop/product/canadian-solar-325w-72-cell-polycrystalline-solar-module/}"
}

@misc{raysolar-solar2,
	title="{Canadian Solar - 325W, 72 cell, poly-crystalline solar module}",
	year="2018",
	month="",
	note="Online; accessed July 21 2018",
	howpublished="\url{hhttps://www.raysolar.ca/shop/product/heliene-12v-160w-solar-panel/}"
}